<record><leader>00000cas a22000007a 4500</leader><controlfield tag="001">15301961</controlfield><controlfield tag="008">870311d18961903inuwr ne      0    0eng d</controlfield><datafield ind1=" " ind2=" " tag="010"><subfield code="a">sn 87055446 </subfield></datafield><datafield ind1=" " ind2=" " tag="040"><subfield code="a">NPI</subfield><subfield code="b">eng</subfield><subfield code="c">NPI</subfield><subfield code="d">OCLCQ</subfield></datafield><datafield ind1=" " ind2=" " tag="042"><subfield code="a">msc</subfield></datafield><datafield ind1="0" ind2="4" tag="245"><subfield code="a">The Wabash star.</subfield></datafield><datafield ind1=" " ind2=" " tag="260"><subfield code="a">Wabash, Wabash County, Ind. :</subfield><subfield code="b">R.W. Bird,</subfield><subfield code="c">1896-1903.</subfield></datafield><datafield ind1=" " ind2=" " tag="310"><subfield code="a">Weekly</subfield></datafield><datafield ind1="0" ind2=" " tag="362"><subfield code="a">Vol. 1, no. 1 (Aug. 27, 1896)-v. 7, no. 24 (Feb. 5, 1903).</subfield></datafield><datafield ind1=" " ind2=" " tag="752"><subfield code="a">United States</subfield><subfield code="b">Indiana</subfield><subfield code="c">Wabash</subfield><subfield code="d">Wabash.</subfield></datafield><datafield ind1="0" ind2="7" tag="785"><subfield code="t">Wabash times</subfield><subfield code="w">(DLC)sn 87055449</subfield></datafield><datafield ind1="0" ind2="7" tag="785"><subfield code="t">Wabash times-star</subfield><subfield code="w">(DLC)sn 87055447</subfield></datafield></record>